@misc{noaaDatasetsClimate,
	author = {National Centers for Environmental Information (NCEI)},
	title = {Climate Data Online: Dataset Discovery},
	url = {https://www.ncdc.noaa.gov/cdo-web/datasets},
    month = {August},
	year = {2023},
	note = {Accessed 12-13-2024},
}

@book{WMOCodes2017,
    author = {World Meteorological Organization},
    title = {Manual on Codes Volume I.1 Annex II to the WMO Technical Regulations Part A â€“ Alphanumeric Codes, 2011 edition, updated in 2017},
    year = {2017},
    publisher = {World Meteorological Organization},
    address = {Geneva, Switzerland},
    pages = {454},
    series = {WMO No.306, Part I.1 Part A},
    url = {http://dx.doi.org/10.25607/OBP-109},
}

@book{Jacobson2005-bd,
    title = {Fundamentals of Atmospheric Modeling},
    author = {Jacobson, Mark Z.},
    publisher = {Cambridge University Press},
    pages = {xiii--xiii},
    month =  {May},
    year =  {2005},
    address = {Cambridge},
    url ={https://uomustansiriyah.edu.iq/media/lectures/6/6_2021_04_17!03_59_20_PM.pdf}
}

@book{bowditch-2017,
    author = {Bowditch, Nathaniel},
	title = {American Practical Navigator: An Epitome of Navigation},
	edition = {1st},
	publisher = {The Nautical Almanac},
	title = {Marine Meteorology},
	volume = {1},
	year = {2017},
	url = {https://thenauticalalmanac.com/2017_Bowditch-_American_Practical_Navigator.html},
}